<?xml version="1.0" encoding="UTF-8" ?><marc:collection xmlns:marc="http://www.loc.gov/MARC21/slim" xmlns:xsi="http://www.w3.org/2001/XMLSchema-instance" xsi:schemaLocation="http://www.loc.gov/MARC21/slim http://www.loc.gov/standards/marcxml/schema/MARC21slim.xsd">
<marc:record><marc:leader>01369cpc a2200301Ia 4500</marc:leader>
<marc:controlfield tag="001">002160513</marc:controlfield>
<marc:controlfield tag="003">OCoLC</marc:controlfield><marc:controlfield tag="005">20121031144744.0</marc:controlfield><marc:controlfield tag="008">960821i19001939vp                  eng d</marc:controlfield><marc:datafield tag="035" ind1=" " ind2=" "><marc:subfield code="a">35282320</marc:subfield></marc:datafield><marc:datafield tag="040" ind1=" " ind2=" "><marc:subfield code="a">NDK</marc:subfield><marc:subfield code="c">NDK</marc:subfield></marc:datafield><marc:datafield tag="049" ind1=" " ind2=" "><marc:subfield code="a">NDNX</marc:subfield></marc:datafield><marc:datafield tag="096" ind1=" " ind2=" "><marc:subfield code="a">x</marc:subfield></marc:datafield><marc:datafield tag="100" ind1="1" ind2=" "><marc:subfield code="a">Power, D'Arcy,</marc:subfield><marc:subfield code="c">Sir,</marc:subfield><marc:subfield code="d">1855-1941.</marc:subfield></marc:datafield><marc:datafield tag="245" ind1="1" ind2="0"><marc:subfield code="a">Papers,</marc:subfield><marc:subfield code="f">1900-1939 and undated.</marc:subfield></marc:datafield><marc:datafield tag="300" ind1=" " ind2=" "><marc:subfield code="a">14</marc:subfield><marc:subfield code="f">items.</marc:subfield></marc:datafield><marc:datafield tag="545" ind1=" " ind2=" "><marc:subfield code="a">British surgeon and historian of medicine.</marc:subfield></marc:datafield><marc:datafield tag="520" ind1="8" ind2=" "><marc:subfield code="a">ALS. Power received letters from F. T. Bennett, on the relics of Everard Home; from Harvey Cushing, on the reception of Cushing's biography of William Osler; from George Mckay, inquiring about the Regimen sanitatis salerni; from Humphry Davy Rolleston, on Cushing's last days, as related to Rolleston by F. L. Pleadwell; and from Osler, regarding lectures by Morris Jastrow.</marc:subfield></marc:datafield><marc:datafield tag="500" ind1=" " ind2=" "><marc:subfield code="a">Forms part of the Trent Manuscripts Collection.</marc:subfield></marc:datafield><marc:datafield tag="600" ind1="1" ind2="2"><marc:subfield code="a">Home, Everard,</marc:subfield><marc:subfield code="c">Sir,</marc:subfield><marc:subfield code="d">1756-1832.</marc:subfield></marc:datafield><marc:datafield tag="600" ind1="1" ind2="2"><marc:subfield code="a">Cushing, Harvey,</marc:subfield><marc:subfield code="d">1869-1939.</marc:subfield><marc:subfield code="t">Life of Sir William Osler.</marc:subfield></marc:datafield><marc:datafield tag="600" ind1="1" ind2="2"><marc:subfield code="a">Cushing, Harvey,</marc:subfield><marc:subfield code="d">1869-1939.</marc:subfield></marc:datafield><marc:datafield tag="600" ind1="1" ind2="2"><marc:subfield code="a">Jastrow, Morris,</marc:subfield><marc:subfield code="d">1861-1921.</marc:subfield></marc:datafield><marc:datafield tag="710" ind1="2" ind2=" "><marc:subfield code="a">History of Medicine Collections (Duke University)</marc:subfield></marc:datafield><marc:datafield tag="700" ind1="1" ind2="2"><marc:subfield code="a">Cushing, Harvey,</marc:subfield><marc:subfield code="d">1869-1939.</marc:subfield></marc:datafield><marc:datafield tag="700" ind1="1" ind2="2"><marc:subfield code="a">Rolleston, Humphry Davy,</marc:subfield><marc:subfield code="c">Sir,</marc:subfield><marc:subfield code="d">1862-1944.</marc:subfield></marc:datafield><marc:datafield tag="700" ind1="1" ind2="2"><marc:subfield code="a">Pleadwell, F. L.</marc:subfield><marc:subfield code="q">(Frank Lester),</marc:subfield><marc:subfield code="d">1872-1957.</marc:subfield></marc:datafield><marc:datafield tag="700" ind1="1" ind2="2"><marc:subfield code="a">Osler, William,</marc:subfield><marc:subfield code="c">Sir,</marc:subfield><marc:subfield code="d">1849-1919.</marc:subfield></marc:datafield></marc:record>
</marc:collection>
